@book{mathew2008domain,
  title={Domain decomposition methods for the numerical solution of partial differential equations},
  author={Mathew, Tarek},
  volume={61},
  year={2008},
  publisher={Springer Science \& Business Media}
}