../test/testbst/support/standard.bib